<?xml version="1.0" encoding="UTF-8"?><collection xmlns="http://www.loc.gov/MARC21/slim"><record><leader>00286nam--2200109-i-4500</leader><controlfield tag="001">000043527</controlfield><controlfield tag="002">20161230</controlfield><controlfield tag="005">20161230201044</controlfield><controlfield tag="008">060222s1000------------r-----000-0-eng-d</controlfield><datafield ind1=" " ind2=" " tag="245"><subfield code="a">Tablice przeliczeniowe miar niemetrycznych</subfield></datafield><datafield ind1=" " ind2=" " tag="260"><subfield code="a">Warszawa, Osrodek Informacji, 1960. 44 P</subfield></datafield><datafield ind1=" " ind2=" " tag="852"><subfield code="a">6596</subfield></datafield></record></collection>